%YAML 1.1
%TAG !u! tag:unity3d.com,2011:
--- !u!29 &1
OcclusionCullingSettings:
  m_ObjectHideFlags: 0
  serializedVersion: 2
  m_OcclusionBakeSettings:
    smallestOccluder: 5
    smallestHole: 0.25
    backfaceThreshold: 100
  m_SceneGUID: 00000000000000000000000000000000
  m_OcclusionCullingData: {fileID: 0}
--- !u!104 &2
RenderSettings:
  m_ObjectHideFlags: 0
  serializedVersion: 9
  m_Fog: 0
  m_FogColor: {r: 0.5, g: 0.5, b: 0.5, a: 1}
  m_FogMode: 3
  m_FogDensity: 0.01
  m_LinearFogStart: 0
  m_LinearFogEnd: 300
  m_AmbientSkyColor: {r: 0.212, g: 0.227, b: 0.259, a: 1}
  m_AmbientEquatorColor: {r: 0.114, g: 0.125, b: 0.133, a: 1}
  m_AmbientGroundColor: {r: 0.047, g: 0.043, b: 0.035, a: 1}
  m_AmbientIntensity: 1
  m_AmbientMode: 0
  m_SubtractiveShadowColor: {r: 0.42, g: 0.478, b: 0.627, a: 1}
  m_SkyboxMaterial: {fileID: 10304, guid: 0000000000000000f000000000000000, type: 0}
  m_HaloStrength: 0.5
  m_FlareStrength: 1
  m_FlareFadeSpeed: 3
  m_HaloTexture: {fileID: 0}
  m_SpotCookie: {fileID: 10001, guid: 0000000000000000e000000000000000, type: 0}
  m_DefaultReflectionMode: 0
  m_DefaultReflectionResolution: 128
  m_ReflectionBounces: 1
  m_ReflectionIntensity: 1
  m_CustomReflection: {fileID: 0}
  m_Sun: {fileID: 0}
  m_IndirectSpecularColor: {r: 0.18028331, g: 0.2257133, b: 0.3069217, a: 1}
  m_UseRadianceAmbientProbe: 0
--- !u!157 &3
LightmapSettings:
  m_ObjectHideFlags: 0
  serializedVersion: 12
  m_GIWorkflowMode: 1
  m_GISettings:
    serializedVersion: 2
    m_BounceScale: 1
    m_IndirectOutputScale: 1
    m_AlbedoBoost: 1
    m_EnvironmentLightingMode: 0
    m_EnableBakedLightmaps: 1
    m_EnableRealtimeLightmaps: 0
  m_LightmapEditorSettings:
    serializedVersion: 12
    m_Resolution: 2
    m_BakeResolution: 40
    m_AtlasSize: 1024
    m_AO: 0
    m_AOMaxDistance: 1
    m_CompAOExponent: 1
    m_CompAOExponentDirect: 0
    m_ExtractAmbientOcclusion: 0
    m_Padding: 2
    m_LightmapParameters: {fileID: 0}
    m_LightmapsBakeMode: 1
    m_TextureCompression: 1
    m_FinalGather: 0
    m_FinalGatherFiltering: 1
    m_FinalGatherRayCount: 256
    m_ReflectionCompression: 2
    m_MixedBakeMode: 2
    m_BakeBackend: 1
    m_PVRSampling: 1
    m_PVRDirectSampleCount: 32
    m_PVRSampleCount: 512
    m_PVRBounces: 2
    m_PVREnvironmentSampleCount: 256
    m_PVREnvironmentReferencePointCount: 2048
    m_PVRFilteringMode: 1
    m_PVRDenoiserTypeDirect: 1
    m_PVRDenoiserTypeIndirect: 1
    m_PVRDenoiserTypeAO: 1
    m_PVRFilterTypeDirect: 0
    m_PVRFilterTypeIndirect: 0
    m_PVRFilterTypeAO: 0
    m_PVREnvironmentMIS: 1
    m_PVRCulling: 1
    m_PVRFilteringGaussRadiusDirect: 1
    m_PVRFilteringGaussRadiusIndirect: 5
    m_PVRFilteringGaussRadiusAO: 2
    m_PVRFilteringAtrousPositionSigmaDirect: 0.5
    m_PVRFilteringAtrousPositionSigmaIndirect: 2
    m_PVRFilteringAtrousPositionSigmaAO: 1
    m_ExportTrainingData: 0
    m_TrainingDataDestination: TrainingData
    m_LightProbeSampleCountMultiplier: 4
  m_LightingDataAsset: {fileID: 112000000, guid: b2a355a1b3eca9f49ad144386669c037,
    type: 2}
  m_LightingSettings: {fileID: 0}
--- !u!196 &4
NavMeshSettings:
  serializedVersion: 2
  m_ObjectHideFlags: 0
  m_BuildSettings:
    serializedVersion: 3
    agentTypeID: 0
    agentRadius: 0.5
    agentHeight: 2
    agentSlope: 45
    agentClimb: 0.4
    ledgeDropHeight: 0
    maxJumpAcrossDistance: 0
    minRegionArea: 2
    manualCellSize: 0
    cellSize: 0.16666667
    manualTileSize: 0
    tileSize: 256
    buildHeightMesh: 0
    maxJobWorkers: 0
    preserveTilesOutsideBounds: 0
    debug:
      m_Flags: 0
  m_NavMeshData: {fileID: 0}
--- !u!1001 &161797130
PrefabInstance:
  m_ObjectHideFlags: 0
  serializedVersion: 2
  m_Modification:
    serializedVersion: 3
    m_TransformParent: {fileID: 1198864026}
    m_Modifications:
    - target: {fileID: 1022949609857530221, guid: 8b5292e214e2f934691ed8660bc22c21,
        type: 3}
      propertyPath: m_Name
      value: Ingredient (15)
      objectReference: {fileID: 0}
    - target: {fileID: 1022949609857530221, guid: 8b5292e214e2f934691ed8660bc22c21,
        type: 3}
      propertyPath: m_IsActive
      value: 1
      objectReference: {fileID: 0}
    - target: {fileID: 1435460842312538772, guid: 8b5292e214e2f934691ed8660bc22c21,
        type: 3}
      propertyPath: m_LocalPosition.x
      value: 1.5
      objectReference: {fileID: 0}
    - target: {fileID: 1435460842312538772, guid: 8b5292e214e2f934691ed8660bc22c21,
        type: 3}
      propertyPath: m_LocalPosition.y
      value: 0
      objectReference: {fileID: 0}
    - target: {fileID: 1435460842312538772, guid: 8b5292e214e2f934691ed8660bc22c21,
        type: 3}
      propertyPath: m_LocalPosition.z
      value: -1.5
      objectReference: {fileID: 0}
    - target: {fileID: 1435460842312538772, guid: 8b5292e214e2f934691ed8660bc22c21,
        type: 3}
      propertyPath: m_LocalRotation.w
      value: 1
      objectReference: {fileID: 0}
    - target: {fileID: 1435460842312538772, guid: 8b5292e214e2f934691ed8660bc22c21,
        type: 3}
      propertyPath: m_LocalRotation.x
      value: 0
      objectReference: {fileID: 0}
    - target: {fileID: 1435460842312538772, guid: 8b5292e214e2f934691ed8660bc22c21,
        type: 3}
      propertyPath: m_LocalRotation.y
      value: 0
      objectReference: {fileID: 0}
    - target: {fileID: 1435460842312538772, guid: 8b5292e214e2f934691ed8660bc22c21,
        type: 3}
      propertyPath: m_LocalRotation.z
      value: 0
      objectReference: {fileID: 0}
    - target: {fileID: 1435460842312538772, guid: 8b5292e214e2f934691ed8660bc22c21,
        type: 3}
      propertyPath: m_LocalEulerAnglesHint.x
      value: 0
      objectReference: {fileID: 0}
    - target: {fileID: 1435460842312538772, guid: 8b5292e214e2f934691ed8660bc22c21,
        type: 3}
      propertyPath: m_LocalEulerAnglesHint.y
      value: 0
      objectReference: {fileID: 0}
    - target: {fileID: 1435460842312538772, guid: 8b5292e214e2f934691ed8660bc22c21,
        type: 3}
      propertyPath: m_LocalEulerAnglesHint.z
      value: 0
      objectReference: {fileID: 0}
    - target: {fileID: 7525546275016677087, guid: 8b5292e214e2f934691ed8660bc22c21,
        type: 3}
      propertyPath: m_Materials.Array.data[0]
      value: 
      objectReference: {fileID: 2100000, guid: 4a5180286417d7441a853f0dd1901899, type: 2}
    m_RemovedComponents: []
    m_RemovedGameObjects: []
    m_AddedGameObjects: []
    m_AddedComponents: []
  m_SourcePrefab: {fileID: 100100000, guid: 8b5292e214e2f934691ed8660bc22c21, type: 3}
--- !u!4 &161797131 stripped
Transform:
  m_CorrespondingSourceObject: {fileID: 1435460842312538772, guid: 8b5292e214e2f934691ed8660bc22c21,
    type: 3}
  m_PrefabInstance: {fileID: 161797130}
  m_PrefabAsset: {fileID: 0}
--- !u!1001 &212544106
PrefabInstance:
  m_ObjectHideFlags: 0
  serializedVersion: 2
  m_Modification:
    serializedVersion: 3
    m_TransformParent: {fileID: 1198864026}
    m_Modifications:
    - target: {fileID: 1022949609857530221, guid: 8b5292e214e2f934691ed8660bc22c21,
        type: 3}
      propertyPath: m_Name
      value: Ingredient (9)
      objectReference: {fileID: 0}
    - target: {fileID: 1022949609857530221, guid: 8b5292e214e2f934691ed8660bc22c21,
        type: 3}
      propertyPath: m_IsActive
      value: 1
      objectReference: {fileID: 0}
    - target: {fileID: 1435460842312538772, guid: 8b5292e214e2f934691ed8660bc22c21,
        type: 3}
      propertyPath: m_LocalPosition.x
      value: -0.5
      objectReference: {fileID: 0}
    - target: {fileID: 1435460842312538772, guid: 8b5292e214e2f934691ed8660bc22c21,
        type: 3}
      propertyPath: m_LocalPosition.y
      value: 0
      objectReference: {fileID: 0}
    - target: {fileID: 1435460842312538772, guid: 8b5292e214e2f934691ed8660bc22c21,
        type: 3}
      propertyPath: m_LocalPosition.z
      value: -0.5
      objectReference: {fileID: 0}
    - target: {fileID: 1435460842312538772, guid: 8b5292e214e2f934691ed8660bc22c21,
        type: 3}
      propertyPath: m_LocalRotation.w
      value: 1
      objectReference: {fileID: 0}
    - target: {fileID: 1435460842312538772, guid: 8b5292e214e2f934691ed8660bc22c21,
        type: 3}
      propertyPath: m_LocalRotation.x
      value: 0
      objectReference: {fileID: 0}
    - target: {fileID: 1435460842312538772, guid: 8b5292e214e2f934691ed8660bc22c21,
        type: 3}
      propertyPath: m_LocalRotation.y
      value: 0
      objectReference: {fileID: 0}
    - target: {fileID: 1435460842312538772, guid: 8b5292e214e2f934691ed8660bc22c21,
        type: 3}
      propertyPath: m_LocalRotation.z
      value: 0
      objectReference: {fileID: 0}
    - target: {fileID: 1435460842312538772, guid: 8b5292e214e2f934691ed8660bc22c21,
        type: 3}
      propertyPath: m_LocalEulerAnglesHint.x
      value: 0
      objectReference: {fileID: 0}
    - target: {fileID: 1435460842312538772, guid: 8b5292e214e2f934691ed8660bc22c21,
        type: 3}
      propertyPath: m_LocalEulerAnglesHint.y
      value: 0
      objectReference: {fileID: 0}
    - target: {fileID: 1435460842312538772, guid: 8b5292e214e2f934691ed8660bc22c21,
        type: 3}
      propertyPath: m_LocalEulerAnglesHint.z
      value: 0
      objectReference: {fileID: 0}
    - target: {fileID: 7525546275016677087, guid: 8b5292e214e2f934691ed8660bc22c21,
        type: 3}
      propertyPath: m_Materials.Array.data[0]
      value: 
      objectReference: {fileID: 2100000, guid: a2ea96ee57a143b4c8ae418476dba86b, type: 2}
    m_RemovedComponents: []
    m_RemovedGameObjects: []
    m_AddedGameObjects: []
    m_AddedComponents: []
  m_SourcePrefab: {fileID: 100100000, guid: 8b5292e214e2f934691ed8660bc22c21, type: 3}
--- !u!4 &212544107 stripped
Transform:
  m_CorrespondingSourceObject: {fileID: 1435460842312538772, guid: 8b5292e214e2f934691ed8660bc22c21,
    type: 3}
  m_PrefabInstance: {fileID: 212544106}
  m_PrefabAsset: {fileID: 0}
--- !u!1001 &271824234
PrefabInstance:
  m_ObjectHideFlags: 0
  serializedVersion: 2
  m_Modification:
    serializedVersion: 3
    m_TransformParent: {fileID: 1198864026}
    m_Modifications:
    - target: {fileID: 1022949609857530221, guid: 8b5292e214e2f934691ed8660bc22c21,
        type: 3}
      propertyPath: m_Name
      value: Ingredient (2)
      objectReference: {fileID: 0}
    - target: {fileID: 1022949609857530221, guid: 8b5292e214e2f934691ed8660bc22c21,
        type: 3}
      propertyPath: m_IsActive
      value: 1
      objectReference: {fileID: 0}
    - target: {fileID: 1435460842312538772, guid: 8b5292e214e2f934691ed8660bc22c21,
        type: 3}
      propertyPath: m_LocalPosition.x
      value: 0.5
      objectReference: {fileID: 0}
    - target: {fileID: 1435460842312538772, guid: 8b5292e214e2f934691ed8660bc22c21,
        type: 3}
      propertyPath: m_LocalPosition.y
      value: 0
      objectReference: {fileID: 0}
    - target: {fileID: 1435460842312538772, guid: 8b5292e214e2f934691ed8660bc22c21,
        type: 3}
      propertyPath: m_LocalPosition.z
      value: 0.5
      objectReference: {fileID: 0}
    - target: {fileID: 1435460842312538772, guid: 8b5292e214e2f934691ed8660bc22c21,
        type: 3}
      propertyPath: m_LocalRotation.w
      value: 1
      objectReference: {fileID: 0}
    - target: {fileID: 1435460842312538772, guid: 8b5292e214e2f934691ed8660bc22c21,
        type: 3}
      propertyPath: m_LocalRotation.x
      value: 0
      objectReference: {fileID: 0}
    - target: {fileID: 1435460842312538772, guid: 8b5292e214e2f934691ed8660bc22c21,
        type: 3}
      propertyPath: m_LocalRotation.y
      value: 0
      objectReference: {fileID: 0}
    - target: {fileID: 1435460842312538772, guid: 8b5292e214e2f934691ed8660bc22c21,
        type: 3}
      propertyPath: m_LocalRotation.z
      value: 0
      objectReference: {fileID: 0}
    - target: {fileID: 1435460842312538772, guid: 8b5292e214e2f934691ed8660bc22c21,
        type: 3}
      propertyPath: m_LocalEulerAnglesHint.x
      value: 0
      objectReference: {fileID: 0}
    - target: {fileID: 1435460842312538772, guid: 8b5292e214e2f934691ed8660bc22c21,
        type: 3}
      propertyPath: m_LocalEulerAnglesHint.y
      value: 0
      objectReference: {fileID: 0}
    - target: {fileID: 1435460842312538772, guid: 8b5292e214e2f934691ed8660bc22c21,
        type: 3}
      propertyPath: m_LocalEulerAnglesHint.z
      value: 0
      objectReference: {fileID: 0}
    - target: {fileID: 7525546275016677087, guid: 8b5292e214e2f934691ed8660bc22c21,
        type: 3}
      propertyPath: m_Materials.Array.data[0]
      value: 
      objectReference: {fileID: 2100000, guid: 34fbba52203fa614d90051fc373f34fc, type: 2}
    m_RemovedComponents: []
    m_RemovedGameObjects: []
    m_AddedGameObjects: []
    m_AddedComponents: []
  m_SourcePrefab: {fileID: 100100000, guid: 8b5292e214e2f934691ed8660bc22c21, type: 3}
--- !u!1 &281849610
GameObject:
  m_ObjectHideFlags: 0
  m_CorrespondingSourceObject: {fileID: 0}
  m_PrefabInstance: {fileID: 0}
  m_PrefabAsset: {fileID: 0}
  serializedVersion: 6
  m_Component:
  - component: {fileID: 281849611}
  m_Layer: 0
  m_Name: --- UI
  m_TagString: Untagged
  m_Icon: {fileID: 0}
  m_NavMeshLayer: 0
  m_StaticEditorFlags: 0
  m_IsActive: 1
--- !u!4 &281849611
Transform:
  m_ObjectHideFlags: 0
  m_CorrespondingSourceObject: {fileID: 0}
  m_PrefabInstance: {fileID: 0}
  m_PrefabAsset: {fileID: 0}
  m_GameObject: {fileID: 281849610}
  serializedVersion: 2
  m_LocalRotation: {x: 0, y: 0, z: 0, w: 1}
  m_LocalPosition: {x: 0, y: 0, z: 0}
  m_LocalScale: {x: 1, y: 1, z: 1}
  m_ConstrainProportionsScale: 0
  m_Children:
  - {fileID: 514370504}
  - {fileID: 1388848469}
  m_Father: {fileID: 0}
  m_LocalEulerAnglesHint: {x: 0, y: 0, z: 0}
--- !u!4 &401374084 stripped
Transform:
  m_CorrespondingSourceObject: {fileID: 1435460842312538772, guid: 8b5292e214e2f934691ed8660bc22c21,
    type: 3}
  m_PrefabInstance: {fileID: 1053864790}
  m_PrefabAsset: {fileID: 0}
--- !u!1 &428075037
GameObject:
  m_ObjectHideFlags: 0
  m_CorrespondingSourceObject: {fileID: 0}
  m_PrefabInstance: {fileID: 0}
  m_PrefabAsset: {fileID: 0}
  serializedVersion: 6
  m_Component:
  - component: {fileID: 428075038}
  m_Layer: 0
  m_Name: --- LEVEL
  m_TagString: Untagged
  m_Icon: {fileID: 0}
  m_NavMeshLayer: 0
  m_StaticEditorFlags: 0
  m_IsActive: 1
--- !u!4 &428075038
Transform:
  m_ObjectHideFlags: 0
  m_CorrespondingSourceObject: {fileID: 0}
  m_PrefabInstance: {fileID: 0}
  m_PrefabAsset: {fileID: 0}
  m_GameObject: {fileID: 428075037}
  serializedVersion: 2
  m_LocalRotation: {x: 0, y: 0, z: 0, w: 1}
  m_LocalPosition: {x: 0, y: 0, z: 0}
  m_LocalScale: {x: 1, y: 1, z: 1}
  m_ConstrainProportionsScale: 0
  m_Children:
  - {fileID: 1198864026}
  - {fileID: 1292345359}
  m_Father: {fileID: 0}
  m_LocalEulerAnglesHint: {x: 0, y: 0, z: 0}
--- !u!1 &514370501
GameObject:
  m_ObjectHideFlags: 0
  m_CorrespondingSourceObject: {fileID: 0}
  m_PrefabInstance: {fileID: 0}
  m_PrefabAsset: {fileID: 0}
  serializedVersion: 6
  m_Component:
  - component: {fileID: 514370504}
  - component: {fileID: 514370503}
  - component: {fileID: 514370502}
  m_Layer: 0
  m_Name: EventSystem
  m_TagString: Untagged
  m_Icon: {fileID: 0}
  m_NavMeshLayer: 0
  m_StaticEditorFlags: 0
  m_IsActive: 1
--- !u!114 &514370502
MonoBehaviour:
  m_ObjectHideFlags: 0
  m_CorrespondingSourceObject: {fileID: 0}
  m_PrefabInstance: {fileID: 0}
  m_PrefabAsset: {fileID: 0}
  m_GameObject: {fileID: 514370501}
  m_Enabled: 1
  m_EditorHideFlags: 0
  m_Script: {fileID: 11500000, guid: 4f231c4fb786f3946a6b90b886c48677, type: 3}
  m_Name: 
  m_EditorClassIdentifier: 
  m_SendPointerHoverToParent: 1
  m_HorizontalAxis: Horizontal
  m_VerticalAxis: Vertical
  m_SubmitButton: Submit
  m_CancelButton: Cancel
  m_InputActionsPerSecond: 10
  m_RepeatDelay: 0.5
  m_ForceModuleActive: 0
--- !u!114 &514370503
MonoBehaviour:
  m_ObjectHideFlags: 0
  m_CorrespondingSourceObject: {fileID: 0}
  m_PrefabInstance: {fileID: 0}
  m_PrefabAsset: {fileID: 0}
  m_GameObject: {fileID: 514370501}
  m_Enabled: 1
  m_EditorHideFlags: 0
  m_Script: {fileID: 11500000, guid: 76c392e42b5098c458856cdf6ecaaaa1, type: 3}
  m_Name: 
  m_EditorClassIdentifier: 
  m_FirstSelected: {fileID: 0}
  m_sendNavigationEvents: 1
  m_DragThreshold: 10
--- !u!4 &514370504
Transform:
  m_ObjectHideFlags: 0
  m_CorrespondingSourceObject: {fileID: 0}
  m_PrefabInstance: {fileID: 0}
  m_PrefabAsset: {fileID: 0}
  m_GameObject: {fileID: 514370501}
  serializedVersion: 2
  m_LocalRotation: {x: -0, y: -0, z: -0, w: 1}
  m_LocalPosition: {x: 0, y: 0, z: 0}
  m_LocalScale: {x: 1, y: 1, z: 1}
  m_ConstrainProportionsScale: 0
  m_Children: []
  m_Father: {fileID: 281849611}
  m_LocalEulerAnglesHint: {x: 0, y: 0, z: 0}
--- !u!1001 &552021684
PrefabInstance:
  m_ObjectHideFlags: 0
  serializedVersion: 2
  m_Modification:
    serializedVersion: 3
    m_TransformParent: {fileID: 1198864026}
    m_Modifications:
    - target: {fileID: 1022949609857530221, guid: 8b5292e214e2f934691ed8660bc22c21,
        type: 3}
      propertyPath: m_Name
      value: Ingredient (1)
      objectReference: {fileID: 0}
    - target: {fileID: 1022949609857530221, guid: 8b5292e214e2f934691ed8660bc22c21,
        type: 3}
      propertyPath: m_IsActive
      value: 1
      objectReference: {fileID: 0}
    - target: {fileID: 1435460842312538772, guid: 8b5292e214e2f934691ed8660bc22c21,
        type: 3}
      propertyPath: m_LocalPosition.x
      value: 0.5
      objectReference: {fileID: 0}
    - target: {fileID: 1435460842312538772, guid: 8b5292e214e2f934691ed8660bc22c21,
        type: 3}
      propertyPath: m_LocalPosition.y
      value: 0
      objectReference: {fileID: 0}
    - target: {fileID: 1435460842312538772, guid: 8b5292e214e2f934691ed8660bc22c21,
        type: 3}
      propertyPath: m_LocalPosition.z
      value: -0.5
      objectReference: {fileID: 0}
    - target: {fileID: 1435460842312538772, guid: 8b5292e214e2f934691ed8660bc22c21,
        type: 3}
      propertyPath: m_LocalRotation.w
      value: 1
      objectReference: {fileID: 0}
    - target: {fileID: 1435460842312538772, guid: 8b5292e214e2f934691ed8660bc22c21,
        type: 3}
      propertyPath: m_LocalRotation.x
      value: 0
      objectReference: {fileID: 0}
    - target: {fileID: 1435460842312538772, guid: 8b5292e214e2f934691ed8660bc22c21,
        type: 3}
      propertyPath: m_LocalRotation.y
      value: 0
      objectReference: {fileID: 0}
    - target: {fileID: 1435460842312538772, guid: 8b5292e214e2f934691ed8660bc22c21,
        type: 3}
      propertyPath: m_LocalRotation.z
      value: 0
      objectReference: {fileID: 0}
    - target: {fileID: 1435460842312538772, guid: 8b5292e214e2f934691ed8660bc22c21,
        type: 3}
      propertyPath: m_LocalEulerAnglesHint.x
      value: 0
      objectReference: {fileID: 0}
    - target: {fileID: 1435460842312538772, guid: 8b5292e214e2f934691ed8660bc22c21,
        type: 3}
      propertyPath: m_LocalEulerAnglesHint.y
      value: 0
      objectReference: {fileID: 0}
    - target: {fileID: 1435460842312538772, guid: 8b5292e214e2f934691ed8660bc22c21,
        type: 3}
      propertyPath: m_LocalEulerAnglesHint.z
      value: 0
      objectReference: {fileID: 0}
    - target: {fileID: 7525546275016677087, guid: 8b5292e214e2f934691ed8660bc22c21,
        type: 3}
      propertyPath: m_Materials.Array.data[0]
      value: 
      objectReference: {fileID: 2100000, guid: a2ea96ee57a143b4c8ae418476dba86b, type: 2}
    m_RemovedComponents: []
    m_RemovedGameObjects: []
    m_AddedGameObjects: []
    m_AddedComponents: []
  m_SourcePrefab: {fileID: 100100000, guid: 8b5292e214e2f934691ed8660bc22c21, type: 3}
--- !u!1001 &654120123
PrefabInstance:
  m_ObjectHideFlags: 0
  serializedVersion: 2
  m_Modification:
    serializedVersion: 3
    m_TransformParent: {fileID: 1198864026}
    m_Modifications:
    - target: {fileID: 1022949609857530221, guid: 8b5292e214e2f934691ed8660bc22c21,
        type: 3}
      propertyPath: m_Name
      value: Ingredient (7)
      objectReference: {fileID: 0}
    - target: {fileID: 1022949609857530221, guid: 8b5292e214e2f934691ed8660bc22c21,
        type: 3}
      propertyPath: m_IsActive
      value: 1
      objectReference: {fileID: 0}
    - target: {fileID: 1435460842312538772, guid: 8b5292e214e2f934691ed8660bc22c21,
        type: 3}
      propertyPath: m_LocalPosition.x
      value: -0.5
      objectReference: {fileID: 0}
    - target: {fileID: 1435460842312538772, guid: 8b5292e214e2f934691ed8660bc22c21,
        type: 3}
      propertyPath: m_LocalPosition.y
      value: 0
      objectReference: {fileID: 0}
    - target: {fileID: 1435460842312538772, guid: 8b5292e214e2f934691ed8660bc22c21,
        type: 3}
      propertyPath: m_LocalPosition.z
      value: 1.5
      objectReference: {fileID: 0}
    - target: {fileID: 1435460842312538772, guid: 8b5292e214e2f934691ed8660bc22c21,
        type: 3}
      propertyPath: m_LocalRotation.w
      value: 1
      objectReference: {fileID: 0}
    - target: {fileID: 1435460842312538772, guid: 8b5292e214e2f934691ed8660bc22c21,
        type: 3}
      propertyPath: m_LocalRotation.x
      value: 0
      objectReference: {fileID: 0}
    - target: {fileID: 1435460842312538772, guid: 8b5292e214e2f934691ed8660bc22c21,
        type: 3}
      propertyPath: m_LocalRotation.y
      value: 0
      objectReference: {fileID: 0}
    - target: {fileID: 1435460842312538772, guid: 8b5292e214e2f934691ed8660bc22c21,
        type: 3}
      propertyPath: m_LocalRotation.z
      value: 0
      objectReference: {fileID: 0}
    - target: {fileID: 1435460842312538772, guid: 8b5292e214e2f934691ed8660bc22c21,
        type: 3}
      propertyPath: m_LocalEulerAnglesHint.x
      value: 0
      objectReference: {fileID: 0}
    - target: {fileID: 1435460842312538772, guid: 8b5292e214e2f934691ed8660bc22c21,
        type: 3}
      propertyPath: m_LocalEulerAnglesHint.y
      value: 0
      objectReference: {fileID: 0}
    - target: {fileID: 1435460842312538772, guid: 8b5292e214e2f934691ed8660bc22c21,
        type: 3}
      propertyPath: m_LocalEulerAnglesHint.z
      value: 0
      objectReference: {fileID: 0}
    - target: {fileID: 7525546275016677087, guid: 8b5292e214e2f934691ed8660bc22c21,
        type: 3}
      propertyPath: m_Materials.Array.data[0]
      value: 
      objectReference: {fileID: 2100000, guid: a2ea96ee57a143b4c8ae418476dba86b, type: 2}
    m_RemovedComponents: []
    m_RemovedGameObjects: []
    m_AddedGameObjects: []
    m_AddedComponents: []
  m_SourcePrefab: {fileID: 100100000, guid: 8b5292e214e2f934691ed8660bc22c21, type: 3}
--- !u!4 &654120124 stripped
Transform:
  m_CorrespondingSourceObject: {fileID: 1435460842312538772, guid: 8b5292e214e2f934691ed8660bc22c21,
    type: 3}
  m_PrefabInstance: {fileID: 654120123}
  m_PrefabAsset: {fileID: 0}
--- !u!4 &704765098 stripped
Transform:
  m_CorrespondingSourceObject: {fileID: 1435460842312538772, guid: 8b5292e214e2f934691ed8660bc22c21,
    type: 3}
  m_PrefabInstance: {fileID: 552021684}
  m_PrefabAsset: {fileID: 0}
--- !u!1001 &722702187
PrefabInstance:
  m_ObjectHideFlags: 0
  serializedVersion: 2
  m_Modification:
    serializedVersion: 3
    m_TransformParent: {fileID: 1198864026}
    m_Modifications:
    - target: {fileID: 1022949609857530221, guid: 8b5292e214e2f934691ed8660bc22c21,
        type: 3}
      propertyPath: m_Name
      value: Ingredient (8)
      objectReference: {fileID: 0}
    - target: {fileID: 1022949609857530221, guid: 8b5292e214e2f934691ed8660bc22c21,
        type: 3}
      propertyPath: m_IsActive
      value: 1
      objectReference: {fileID: 0}
    - target: {fileID: 1435460842312538772, guid: 8b5292e214e2f934691ed8660bc22c21,
        type: 3}
      propertyPath: m_LocalPosition.x
      value: -0.5
      objectReference: {fileID: 0}
    - target: {fileID: 1435460842312538772, guid: 8b5292e214e2f934691ed8660bc22c21,
        type: 3}
      propertyPath: m_LocalPosition.y
      value: 0
      objectReference: {fileID: 0}
    - target: {fileID: 1435460842312538772, guid: 8b5292e214e2f934691ed8660bc22c21,
        type: 3}
      propertyPath: m_LocalPosition.z
      value: 0.5
      objectReference: {fileID: 0}
    - target: {fileID: 1435460842312538772, guid: 8b5292e214e2f934691ed8660bc22c21,
        type: 3}
      propertyPath: m_LocalRotation.w
      value: 1
      objectReference: {fileID: 0}
    - target: {fileID: 1435460842312538772, guid: 8b5292e214e2f934691ed8660bc22c21,
        type: 3}
      propertyPath: m_LocalRotation.x
      value: 0
      objectReference: {fileID: 0}
    - target: {fileID: 1435460842312538772, guid: 8b5292e214e2f934691ed8660bc22c21,
        type: 3}
      propertyPath: m_LocalRotation.y
      value: 0
      objectReference: {fileID: 0}
    - target: {fileID: 1435460842312538772, guid: 8b5292e214e2f934691ed8660bc22c21,
        type: 3}
      propertyPath: m_LocalRotation.z
      value: 0
      objectReference: {fileID: 0}
    - target: {fileID: 1435460842312538772, guid: 8b5292e214e2f934691ed8660bc22c21,
        type: 3}
      propertyPath: m_LocalEulerAnglesHint.x
      value: 0
      objectReference: {fileID: 0}
    - target: {fileID: 1435460842312538772, guid: 8b5292e214e2f934691ed8660bc22c21,
        type: 3}
      propertyPath: m_LocalEulerAnglesHint.y
      value: 0
      objectReference: {fileID: 0}
    - target: {fileID: 1435460842312538772, guid: 8b5292e214e2f934691ed8660bc22c21,
        type: 3}
      propertyPath: m_LocalEulerAnglesHint.z
      value: 0
      objectReference: {fileID: 0}
    - target: {fileID: 7525546275016677087, guid: 8b5292e214e2f934691ed8660bc22c21,
        type: 3}
      propertyPath: m_Materials.Array.data[0]
      value: 
      objectReference: {fileID: 2100000, guid: 34fbba52203fa614d90051fc373f34fc, type: 2}
    m_RemovedComponents: []
    m_RemovedGameObjects: []
    m_AddedGameObjects: []
    m_AddedComponents: []
  m_SourcePrefab: {fileID: 100100000, guid: 8b5292e214e2f934691ed8660bc22c21, type: 3}
--- !u!4 &722702188 stripped
Transform:
  m_CorrespondingSourceObject: {fileID: 1435460842312538772, guid: 8b5292e214e2f934691ed8660bc22c21,
    type: 3}
  m_PrefabInstance: {fileID: 722702187}
  m_PrefabAsset: {fileID: 0}
--- !u!1001 &822268863
PrefabInstance:
  m_ObjectHideFlags: 0
  serializedVersion: 2
  m_Modification:
    serializedVersion: 3
    m_TransformParent: {fileID: 1198864026}
    m_Modifications:
    - target: {fileID: 1022949609857530221, guid: 8b5292e214e2f934691ed8660bc22c21,
        type: 3}
      propertyPath: m_Name
      value: Ingredient (12)
      objectReference: {fileID: 0}
    - target: {fileID: 1022949609857530221, guid: 8b5292e214e2f934691ed8660bc22c21,
        type: 3}
      propertyPath: m_IsActive
      value: 1
      objectReference: {fileID: 0}
    - target: {fileID: 1435460842312538772, guid: 8b5292e214e2f934691ed8660bc22c21,
        type: 3}
      propertyPath: m_LocalPosition.x
      value: -1.5
      objectReference: {fileID: 0}
    - target: {fileID: 1435460842312538772, guid: 8b5292e214e2f934691ed8660bc22c21,
        type: 3}
      propertyPath: m_LocalPosition.y
      value: 0
      objectReference: {fileID: 0}
    - target: {fileID: 1435460842312538772, guid: 8b5292e214e2f934691ed8660bc22c21,
        type: 3}
      propertyPath: m_LocalPosition.z
      value: 0.5
      objectReference: {fileID: 0}
    - target: {fileID: 1435460842312538772, guid: 8b5292e214e2f934691ed8660bc22c21,
        type: 3}
      propertyPath: m_LocalRotation.w
      value: 1
      objectReference: {fileID: 0}
    - target: {fileID: 1435460842312538772, guid: 8b5292e214e2f934691ed8660bc22c21,
        type: 3}
      propertyPath: m_LocalRotation.x
      value: 0
      objectReference: {fileID: 0}
    - target: {fileID: 1435460842312538772, guid: 8b5292e214e2f934691ed8660bc22c21,
        type: 3}
      propertyPath: m_LocalRotation.y
      value: 0
      objectReference: {fileID: 0}
    - target: {fileID: 1435460842312538772, guid: 8b5292e214e2f934691ed8660bc22c21,
        type: 3}
      propertyPath: m_LocalRotation.z
      value: 0
      objectReference: {fileID: 0}
    - target: {fileID: 1435460842312538772, guid: 8b5292e214e2f934691ed8660bc22c21,
        type: 3}
      propertyPath: m_LocalEulerAnglesHint.x
      value: 0
      objectReference: {fileID: 0}
    - target: {fileID: 1435460842312538772, guid: 8b5292e214e2f934691ed8660bc22c21,
        type: 3}
      propertyPath: m_LocalEulerAnglesHint.y
      value: 0
      objectReference: {fileID: 0}
    - target: {fileID: 1435460842312538772, guid: 8b5292e214e2f934691ed8660bc22c21,
        type: 3}
      propertyPath: m_LocalEulerAnglesHint.z
      value: 0
      objectReference: {fileID: 0}
    - target: {fileID: 7525546275016677087, guid: 8b5292e214e2f934691ed8660bc22c21,
        type: 3}
      propertyPath: m_Materials.Array.data[0]
      value: 
      objectReference: {fileID: 2100000, guid: a2ea96ee57a143b4c8ae418476dba86b, type: 2}
    m_RemovedComponents: []
    m_RemovedGameObjects: []
    m_AddedGameObjects: []
    m_AddedComponents: []
  m_SourcePrefab: {fileID: 100100000, guid: 8b5292e214e2f934691ed8660bc22c21, type: 3}
--- !u!4 &822268864 stripped
Transform:
  m_CorrespondingSourceObject: {fileID: 1435460842312538772, guid: 8b5292e214e2f934691ed8660bc22c21,
    type: 3}
  m_PrefabInstance: {fileID: 822268863}
  m_PrefabAsset: {fileID: 0}
--- !u!1001 &1053864790
PrefabInstance:
  m_ObjectHideFlags: 0
  serializedVersion: 2
  m_Modification:
    serializedVersion: 3
    m_TransformParent: {fileID: 1198864026}
    m_Modifications:
    - target: {fileID: 1022949609857530221, guid: 8b5292e214e2f934691ed8660bc22c21,
        type: 3}
      propertyPath: m_Name
      value: Ingredient (3)
      objectReference: {fileID: 0}
    - target: {fileID: 1435460842312538772, guid: 8b5292e214e2f934691ed8660bc22c21,
        type: 3}
      propertyPath: m_LocalPosition.x
      value: 0.5
      objectReference: {fileID: 0}
    - target: {fileID: 1435460842312538772, guid: 8b5292e214e2f934691ed8660bc22c21,
        type: 3}
      propertyPath: m_LocalPosition.y
      value: 0
      objectReference: {fileID: 0}
    - target: {fileID: 1435460842312538772, guid: 8b5292e214e2f934691ed8660bc22c21,
        type: 3}
      propertyPath: m_LocalPosition.z
      value: -1.5
      objectReference: {fileID: 0}
    - target: {fileID: 1435460842312538772, guid: 8b5292e214e2f934691ed8660bc22c21,
        type: 3}
      propertyPath: m_LocalRotation.w
      value: 1
      objectReference: {fileID: 0}
    - target: {fileID: 1435460842312538772, guid: 8b5292e214e2f934691ed8660bc22c21,
        type: 3}
      propertyPath: m_LocalRotation.x
      value: 0
      objectReference: {fileID: 0}
    - target: {fileID: 1435460842312538772, guid: 8b5292e214e2f934691ed8660bc22c21,
        type: 3}
      propertyPath: m_LocalRotation.y
      value: 0
      objectReference: {fileID: 0}
    - target: {fileID: 1435460842312538772, guid: 8b5292e214e2f934691ed8660bc22c21,
        type: 3}
      propertyPath: m_LocalRotation.z
      value: 0
      objectReference: {fileID: 0}
    - target: {fileID: 1435460842312538772, guid: 8b5292e214e2f934691ed8660bc22c21,
        type: 3}
      propertyPath: m_LocalEulerAnglesHint.x
      value: 0
      objectReference: {fileID: 0}
    - target: {fileID: 1435460842312538772, guid: 8b5292e214e2f934691ed8660bc22c21,
        type: 3}
      propertyPath: m_LocalEulerAnglesHint.y
      value: 0
      objectReference: {fileID: 0}
    - target: {fileID: 1435460842312538772, guid: 8b5292e214e2f934691ed8660bc22c21,
        type: 3}
      propertyPath: m_LocalEulerAnglesHint.z
      value: 0
      objectReference: {fileID: 0}
    - target: {fileID: 4959156481876613805, guid: 8b5292e214e2f934691ed8660bc22c21,
        type: 3}
      propertyPath: _isBread
      value: 1
      objectReference: {fileID: 0}
    - target: {fileID: 7525546275016677087, guid: 8b5292e214e2f934691ed8660bc22c21,
        type: 3}
      propertyPath: m_Materials.Array.data[0]
      value: 
      objectReference: {fileID: 2100000, guid: 2d09ff6213cbbfd44be62b01a0698f08, type: 2}
    m_RemovedComponents: []
    m_RemovedGameObjects: []
    m_AddedGameObjects: []
    m_AddedComponents: []
  m_SourcePrefab: {fileID: 100100000, guid: 8b5292e214e2f934691ed8660bc22c21, type: 3}
--- !u!1001 &1056664194
PrefabInstance:
  m_ObjectHideFlags: 0
  serializedVersion: 2
  m_Modification:
    serializedVersion: 3
    m_TransformParent: {fileID: 1198864026}
    m_Modifications:
    - target: {fileID: 1022949609857530221, guid: 8b5292e214e2f934691ed8660bc22c21,
        type: 3}
      propertyPath: m_Name
      value: Ingredient (14)
      objectReference: {fileID: 0}
    - target: {fileID: 1022949609857530221, guid: 8b5292e214e2f934691ed8660bc22c21,
        type: 3}
      propertyPath: m_IsActive
      value: 1
      objectReference: {fileID: 0}
    - target: {fileID: 1435460842312538772, guid: 8b5292e214e2f934691ed8660bc22c21,
        type: 3}
      propertyPath: m_LocalPosition.x
      value: 1.5
      objectReference: {fileID: 0}
    - target: {fileID: 1435460842312538772, guid: 8b5292e214e2f934691ed8660bc22c21,
        type: 3}
      propertyPath: m_LocalPosition.y
      value: 0
      objectReference: {fileID: 0}
    - target: {fileID: 1435460842312538772, guid: 8b5292e214e2f934691ed8660bc22c21,
        type: 3}
      propertyPath: m_LocalPosition.z
      value: -0.5
      objectReference: {fileID: 0}
    - target: {fileID: 1435460842312538772, guid: 8b5292e214e2f934691ed8660bc22c21,
        type: 3}
      propertyPath: m_LocalRotation.w
      value: 1
      objectReference: {fileID: 0}
    - target: {fileID: 1435460842312538772, guid: 8b5292e214e2f934691ed8660bc22c21,
        type: 3}
      propertyPath: m_LocalRotation.x
      value: 0
      objectReference: {fileID: 0}
    - target: {fileID: 1435460842312538772, guid: 8b5292e214e2f934691ed8660bc22c21,
        type: 3}
      propertyPath: m_LocalRotation.y
      value: 0
      objectReference: {fileID: 0}
    - target: {fileID: 1435460842312538772, guid: 8b5292e214e2f934691ed8660bc22c21,
        type: 3}
      propertyPath: m_LocalRotation.z
      value: 0
      objectReference: {fileID: 0}
    - target: {fileID: 1435460842312538772, guid: 8b5292e214e2f934691ed8660bc22c21,
        type: 3}
      propertyPath: m_LocalEulerAnglesHint.x
      value: 0
      objectReference: {fileID: 0}
    - target: {fileID: 1435460842312538772, guid: 8b5292e214e2f934691ed8660bc22c21,
        type: 3}
      propertyPath: m_LocalEulerAnglesHint.y
      value: 0
      objectReference: {fileID: 0}
    - target: {fileID: 1435460842312538772, guid: 8b5292e214e2f934691ed8660bc22c21,
        type: 3}
      propertyPath: m_LocalEulerAnglesHint.z
      value: 0
      objectReference: {fileID: 0}
    - target: {fileID: 7525546275016677087, guid: 8b5292e214e2f934691ed8660bc22c21,
        type: 3}
      propertyPath: m_Materials.Array.data[0]
      value: 
      objectReference: {fileID: 2100000, guid: a2ea96ee57a143b4c8ae418476dba86b, type: 2}
    m_RemovedComponents: []
    m_RemovedGameObjects: []
    m_AddedGameObjects: []
    m_AddedComponents: []
  m_SourcePrefab: {fileID: 100100000, guid: 8b5292e214e2f934691ed8660bc22c21, type: 3}
--- !u!4 &1056664195 stripped
Transform:
  m_CorrespondingSourceObject: {fileID: 1435460842312538772, guid: 8b5292e214e2f934691ed8660bc22c21,
    type: 3}
  m_PrefabInstance: {fileID: 1056664194}
  m_PrefabAsset: {fileID: 0}
--- !u!4 &1140810646 stripped
Transform:
  m_CorrespondingSourceObject: {fileID: 1435460842312538772, guid: 8b5292e214e2f934691ed8660bc22c21,
    type: 3}
  m_PrefabInstance: {fileID: 271824234}
  m_PrefabAsset: {fileID: 0}
--- !u!1 &1198864025
GameObject:
  m_ObjectHideFlags: 0
  m_CorrespondingSourceObject: {fileID: 0}
  m_PrefabInstance: {fileID: 0}
  m_PrefabAsset: {fileID: 0}
  serializedVersion: 6
  m_Component:
  - component: {fileID: 1198864026}
  - component: {fileID: 1198864027}
  m_Layer: 0
  m_Name: Grid
  m_TagString: Untagged
  m_Icon: {fileID: 0}
  m_NavMeshLayer: 0
  m_StaticEditorFlags: 0
  m_IsActive: 1
--- !u!4 &1198864026
Transform:
  m_ObjectHideFlags: 0
  m_CorrespondingSourceObject: {fileID: 0}
  m_PrefabInstance: {fileID: 0}
  m_PrefabAsset: {fileID: 0}
  m_GameObject: {fileID: 1198864025}
  serializedVersion: 2
  m_LocalRotation: {x: -0, y: -0, z: -0, w: 1}
  m_LocalPosition: {x: 0, y: 0.1, z: 0}
  m_LocalScale: {x: 1, y: 1, z: 1}
  m_ConstrainProportionsScale: 0
  m_Children:
  - {fileID: 4852860651239286281}
  - {fileID: 704765098}
  - {fileID: 1140810646}
  - {fileID: 1721632682}
  - {fileID: 1894644011}
  - {fileID: 1056664195}
  - {fileID: 161797131}
  - {fileID: 1552502156}
  - {fileID: 654120124}
  - {fileID: 722702188}
  - {fileID: 212544107}
  - {fileID: 1662198701}
  - {fileID: 1632474592}
  - {fileID: 822268864}
  - {fileID: 1212478055}
  - {fileID: 401374084}
  m_Father: {fileID: 428075038}
  m_LocalEulerAnglesHint: {x: 0, y: 0, z: 0}
--- !u!114 &1198864027
MonoBehaviour:
  m_ObjectHideFlags: 0
  m_CorrespondingSourceObject: {fileID: 0}
  m_PrefabInstance: {fileID: 0}
  m_PrefabAsset: {fileID: 0}
  m_GameObject: {fileID: 1198864025}
  m_Enabled: 1
  m_EditorHideFlags: 0
  m_Script: {fileID: 11500000, guid: 08046afd19e514140a30ff91930338fe, type: 3}
  m_Name: 
  m_EditorClassIdentifier: 
  _gridSize: {x: 4, y: 4}
  _cellSize: {x: 1, y: 1}
--- !u!1001 &1212478054
PrefabInstance:
  m_ObjectHideFlags: 0
  serializedVersion: 2
  m_Modification:
    serializedVersion: 3
    m_TransformParent: {fileID: 1198864026}
    m_Modifications:
    - target: {fileID: 1022949609857530221, guid: 8b5292e214e2f934691ed8660bc22c21,
        type: 3}
      propertyPath: m_Name
      value: Ingredient (13)
      objectReference: {fileID: 0}
    - target: {fileID: 1022949609857530221, guid: 8b5292e214e2f934691ed8660bc22c21,
        type: 3}
      propertyPath: m_IsActive
      value: 1
      objectReference: {fileID: 0}
    - target: {fileID: 1435460842312538772, guid: 8b5292e214e2f934691ed8660bc22c21,
        type: 3}
      propertyPath: m_LocalPosition.x
      value: -1.5
      objectReference: {fileID: 0}
    - target: {fileID: 1435460842312538772, guid: 8b5292e214e2f934691ed8660bc22c21,
        type: 3}
      propertyPath: m_LocalPosition.y
      value: 0
      objectReference: {fileID: 0}
    - target: {fileID: 1435460842312538772, guid: 8b5292e214e2f934691ed8660bc22c21,
        type: 3}
      propertyPath: m_LocalPosition.z
      value: 1.5
      objectReference: {fileID: 0}
    - target: {fileID: 1435460842312538772, guid: 8b5292e214e2f934691ed8660bc22c21,
        type: 3}
      propertyPath: m_LocalRotation.w
      value: 1
      objectReference: {fileID: 0}
    - target: {fileID: 1435460842312538772, guid: 8b5292e214e2f934691ed8660bc22c21,
        type: 3}
      propertyPath: m_LocalRotation.x
      value: 0
      objectReference: {fileID: 0}
    - target: {fileID: 1435460842312538772, guid: 8b5292e214e2f934691ed8660bc22c21,
        type: 3}
      propertyPath: m_LocalRotation.y
      value: 0
      objectReference: {fileID: 0}
    - target: {fileID: 1435460842312538772, guid: 8b5292e214e2f934691ed8660bc22c21,
        type: 3}
      propertyPath: m_LocalRotation.z
      value: 0
      objectReference: {fileID: 0}
    - target: {fileID: 1435460842312538772, guid: 8b5292e214e2f934691ed8660bc22c21,
        type: 3}
      propertyPath: m_LocalEulerAnglesHint.x
      value: 0
      objectReference: {fileID: 0}
    - target: {fileID: 1435460842312538772, guid: 8b5292e214e2f934691ed8660bc22c21,
        type: 3}
      propertyPath: m_LocalEulerAnglesHint.y
      value: 0
      objectReference: {fileID: 0}
    - target: {fileID: 1435460842312538772, guid: 8b5292e214e2f934691ed8660bc22c21,
        type: 3}
      propertyPath: m_LocalEulerAnglesHint.z
      value: 0
      objectReference: {fileID: 0}
    - target: {fileID: 7525546275016677087, guid: 8b5292e214e2f934691ed8660bc22c21,
        type: 3}
      propertyPath: m_Materials.Array.data[0]
      value: 
      objectReference: {fileID: 2100000, guid: 34fbba52203fa614d90051fc373f34fc, type: 2}
    m_RemovedComponents: []
    m_RemovedGameObjects: []
    m_AddedGameObjects: []
    m_AddedComponents: []
  m_SourcePrefab: {fileID: 100100000, guid: 8b5292e214e2f934691ed8660bc22c21, type: 3}
--- !u!4 &1212478055 stripped
Transform:
  m_CorrespondingSourceObject: {fileID: 1435460842312538772, guid: 8b5292e214e2f934691ed8660bc22c21,
    type: 3}
  m_PrefabInstance: {fileID: 1212478054}
  m_PrefabAsset: {fileID: 0}
--- !u!4 &1292345359 stripped
Transform:
  m_CorrespondingSourceObject: {fileID: 4375029072161872283, guid: 65975eb352ab8d34c8c09aabede5713a,
    type: 3}
  m_PrefabInstance: {fileID: 3982880269836344244}
  m_PrefabAsset: {fileID: 0}
--- !u!224 &1388848469 stripped
RectTransform:
  m_CorrespondingSourceObject: {fileID: 8809420293953936821, guid: a50e9c80171505e4482d1ad02461caaa,
    type: 3}
  m_PrefabInstance: {fileID: 3229739379093792695}
  m_PrefabAsset: {fileID: 0}
--- !u!1001 &1552502155
PrefabInstance:
  m_ObjectHideFlags: 0
  serializedVersion: 2
  m_Modification:
    serializedVersion: 3
    m_TransformParent: {fileID: 1198864026}
    m_Modifications:
    - target: {fileID: 1022949609857530221, guid: 8b5292e214e2f934691ed8660bc22c21,
        type: 3}
      propertyPath: m_Name
      value: Ingredient (6)
      objectReference: {fileID: 0}
    - target: {fileID: 1022949609857530221, guid: 8b5292e214e2f934691ed8660bc22c21,
        type: 3}
      propertyPath: m_IsActive
      value: 1
      objectReference: {fileID: 0}
    - target: {fileID: 1435460842312538772, guid: 8b5292e214e2f934691ed8660bc22c21,
        type: 3}
      propertyPath: m_LocalPosition.x
      value: 0.5
      objectReference: {fileID: 0}
    - target: {fileID: 1435460842312538772, guid: 8b5292e214e2f934691ed8660bc22c21,
        type: 3}
      propertyPath: m_LocalPosition.y
      value: 0
      objectReference: {fileID: 0}
    - target: {fileID: 1435460842312538772, guid: 8b5292e214e2f934691ed8660bc22c21,
        type: 3}
      propertyPath: m_LocalPosition.z
      value: 1.5
      objectReference: {fileID: 0}
    - target: {fileID: 1435460842312538772, guid: 8b5292e214e2f934691ed8660bc22c21,
        type: 3}
      propertyPath: m_LocalRotation.w
      value: 1
      objectReference: {fileID: 0}
    - target: {fileID: 1435460842312538772, guid: 8b5292e214e2f934691ed8660bc22c21,
        type: 3}
      propertyPath: m_LocalRotation.x
      value: 0
      objectReference: {fileID: 0}
    - target: {fileID: 1435460842312538772, guid: 8b5292e214e2f934691ed8660bc22c21,
        type: 3}
      propertyPath: m_LocalRotation.y
      value: 0
      objectReference: {fileID: 0}
    - target: {fileID: 1435460842312538772, guid: 8b5292e214e2f934691ed8660bc22c21,
        type: 3}
      propertyPath: m_LocalRotation.z
      value: 0
      objectReference: {fileID: 0}
    - target: {fileID: 1435460842312538772, guid: 8b5292e214e2f934691ed8660bc22c21,
        type: 3}
      propertyPath: m_LocalEulerAnglesHint.x
      value: 0
      objectReference: {fileID: 0}
    - target: {fileID: 1435460842312538772, guid: 8b5292e214e2f934691ed8660bc22c21,
        type: 3}
      propertyPath: m_LocalEulerAnglesHint.y
      value: 0
      objectReference: {fileID: 0}
    - target: {fileID: 1435460842312538772, guid: 8b5292e214e2f934691ed8660bc22c21,
        type: 3}
      propertyPath: m_LocalEulerAnglesHint.z
      value: 0
      objectReference: {fileID: 0}
    - target: {fileID: 7525546275016677087, guid: 8b5292e214e2f934691ed8660bc22c21,
        type: 3}
      propertyPath: m_Materials.Array.data[0]
      value: 
      objectReference: {fileID: 2100000, guid: 3ad4b004b591bf34daddebaac1ad7d55, type: 2}
    m_RemovedComponents: []
    m_RemovedGameObjects: []
    m_AddedGameObjects: []
    m_AddedComponents: []
  m_SourcePrefab: {fileID: 100100000, guid: 8b5292e214e2f934691ed8660bc22c21, type: 3}
--- !u!4 &1552502156 stripped
Transform:
  m_CorrespondingSourceObject: {fileID: 1435460842312538772, guid: 8b5292e214e2f934691ed8660bc22c21,
    type: 3}
  m_PrefabInstance: {fileID: 1552502155}
  m_PrefabAsset: {fileID: 0}
--- !u!1001 &1632474591
PrefabInstance:
  m_ObjectHideFlags: 0
  serializedVersion: 2
  m_Modification:
    serializedVersion: 3
    m_TransformParent: {fileID: 1198864026}
    m_Modifications:
    - target: {fileID: 1022949609857530221, guid: 8b5292e214e2f934691ed8660bc22c21,
        type: 3}
      propertyPath: m_Name
      value: Ingredient (11)
      objectReference: {fileID: 0}
    - target: {fileID: 1022949609857530221, guid: 8b5292e214e2f934691ed8660bc22c21,
        type: 3}
      propertyPath: m_IsActive
      value: 1
      objectReference: {fileID: 0}
    - target: {fileID: 1435460842312538772, guid: 8b5292e214e2f934691ed8660bc22c21,
        type: 3}
      propertyPath: m_LocalPosition.x
      value: -1.5
      objectReference: {fileID: 0}
    - target: {fileID: 1435460842312538772, guid: 8b5292e214e2f934691ed8660bc22c21,
        type: 3}
      propertyPath: m_LocalPosition.y
      value: 0
      objectReference: {fileID: 0}
    - target: {fileID: 1435460842312538772, guid: 8b5292e214e2f934691ed8660bc22c21,
        type: 3}
      propertyPath: m_LocalPosition.z
      value: -1.5
      objectReference: {fileID: 0}
    - target: {fileID: 1435460842312538772, guid: 8b5292e214e2f934691ed8660bc22c21,
        type: 3}
      propertyPath: m_LocalRotation.w
      value: 1
      objectReference: {fileID: 0}
    - target: {fileID: 1435460842312538772, guid: 8b5292e214e2f934691ed8660bc22c21,
        type: 3}
      propertyPath: m_LocalRotation.x
      value: 0
      objectReference: {fileID: 0}
    - target: {fileID: 1435460842312538772, guid: 8b5292e214e2f934691ed8660bc22c21,
        type: 3}
      propertyPath: m_LocalRotation.y
      value: 0
      objectReference: {fileID: 0}
    - target: {fileID: 1435460842312538772, guid: 8b5292e214e2f934691ed8660bc22c21,
        type: 3}
      propertyPath: m_LocalRotation.z
      value: 0
      objectReference: {fileID: 0}
    - target: {fileID: 1435460842312538772, guid: 8b5292e214e2f934691ed8660bc22c21,
        type: 3}
      propertyPath: m_LocalEulerAnglesHint.x
      value: 0
      objectReference: {fileID: 0}
    - target: {fileID: 1435460842312538772, guid: 8b5292e214e2f934691ed8660bc22c21,
        type: 3}
      propertyPath: m_LocalEulerAnglesHint.y
      value: 0
      objectReference: {fileID: 0}
    - target: {fileID: 1435460842312538772, guid: 8b5292e214e2f934691ed8660bc22c21,
        type: 3}
      propertyPath: m_LocalEulerAnglesHint.z
      value: 0
      objectReference: {fileID: 0}
    - target: {fileID: 7525546275016677087, guid: 8b5292e214e2f934691ed8660bc22c21,
        type: 3}
      propertyPath: m_Materials.Array.data[0]
      value: 
      objectReference: {fileID: 2100000, guid: 34fbba52203fa614d90051fc373f34fc, type: 2}
    m_RemovedComponents: []
    m_RemovedGameObjects: []
    m_AddedGameObjects: []
    m_AddedComponents: []
  m_SourcePrefab: {fileID: 100100000, guid: 8b5292e214e2f934691ed8660bc22c21, type: 3}
--- !u!4 &1632474592 stripped
Transform:
  m_CorrespondingSourceObject: {fileID: 1435460842312538772, guid: 8b5292e214e2f934691ed8660bc22c21,
    type: 3}
  m_PrefabInstance: {fileID: 1632474591}
  m_PrefabAsset: {fileID: 0}
--- !u!1001 &1662198700
PrefabInstance:
  m_ObjectHideFlags: 0
  serializedVersion: 2
  m_Modification:
    serializedVersion: 3
    m_TransformParent: {fileID: 1198864026}
    m_Modifications:
    - target: {fileID: 1022949609857530221, guid: 8b5292e214e2f934691ed8660bc22c21,
        type: 3}
      propertyPath: m_Name
      value: Ingredient (10)
      objectReference: {fileID: 0}
    - target: {fileID: 1022949609857530221, guid: 8b5292e214e2f934691ed8660bc22c21,
        type: 3}
      propertyPath: m_IsActive
      value: 1
      objectReference: {fileID: 0}
    - target: {fileID: 1435460842312538772, guid: 8b5292e214e2f934691ed8660bc22c21,
        type: 3}
      propertyPath: m_LocalPosition.x
      value: -1.5
      objectReference: {fileID: 0}
    - target: {fileID: 1435460842312538772, guid: 8b5292e214e2f934691ed8660bc22c21,
        type: 3}
      propertyPath: m_LocalPosition.y
      value: 0
      objectReference: {fileID: 0}
    - target: {fileID: 1435460842312538772, guid: 8b5292e214e2f934691ed8660bc22c21,
        type: 3}
      propertyPath: m_LocalPosition.z
      value: -0.5
      objectReference: {fileID: 0}
    - target: {fileID: 1435460842312538772, guid: 8b5292e214e2f934691ed8660bc22c21,
        type: 3}
      propertyPath: m_LocalRotation.w
      value: 1
      objectReference: {fileID: 0}
    - target: {fileID: 1435460842312538772, guid: 8b5292e214e2f934691ed8660bc22c21,
        type: 3}
      propertyPath: m_LocalRotation.x
      value: 0
      objectReference: {fileID: 0}
    - target: {fileID: 1435460842312538772, guid: 8b5292e214e2f934691ed8660bc22c21,
        type: 3}
      propertyPath: m_LocalRotation.y
      value: 0
      objectReference: {fileID: 0}
    - target: {fileID: 1435460842312538772, guid: 8b5292e214e2f934691ed8660bc22c21,
        type: 3}
      propertyPath: m_LocalRotation.z
      value: 0
      objectReference: {fileID: 0}
    - target: {fileID: 1435460842312538772, guid: 8b5292e214e2f934691ed8660bc22c21,
        type: 3}
      propertyPath: m_LocalEulerAnglesHint.x
      value: 0
      objectReference: {fileID: 0}
    - target: {fileID: 1435460842312538772, guid: 8b5292e214e2f934691ed8660bc22c21,
        type: 3}
      propertyPath: m_LocalEulerAnglesHint.y
      value: 0
      objectReference: {fileID: 0}
    - target: {fileID: 1435460842312538772, guid: 8b5292e214e2f934691ed8660bc22c21,
        type: 3}
      propertyPath: m_LocalEulerAnglesHint.z
      value: 0
      objectReference: {fileID: 0}
    - target: {fileID: 7525546275016677087, guid: 8b5292e214e2f934691ed8660bc22c21,
        type: 3}
      propertyPath: m_Materials.Array.data[0]
      value: 
      objectReference: {fileID: 2100000, guid: 3ad4b004b591bf34daddebaac1ad7d55, type: 2}
    m_RemovedComponents: []
    m_RemovedGameObjects: []
    m_AddedGameObjects: []
    m_AddedComponents: []
  m_SourcePrefab: {fileID: 100100000, guid: 8b5292e214e2f934691ed8660bc22c21, type: 3}
--- !u!4 &1662198701 stripped
Transform:
  m_CorrespondingSourceObject: {fileID: 1435460842312538772, guid: 8b5292e214e2f934691ed8660bc22c21,
    type: 3}
  m_PrefabInstance: {fileID: 1662198700}
  m_PrefabAsset: {fileID: 0}
--- !u!1001 &1721632681
PrefabInstance:
  m_ObjectHideFlags: 0
  serializedVersion: 2
  m_Modification:
    serializedVersion: 3
    m_TransformParent: {fileID: 1198864026}
    m_Modifications:
    - target: {fileID: 1022949609857530221, guid: 8b5292e214e2f934691ed8660bc22c21,
        type: 3}
      propertyPath: m_Name
      value: Ingredient (4)
      objectReference: {fileID: 0}
    - target: {fileID: 1022949609857530221, guid: 8b5292e214e2f934691ed8660bc22c21,
        type: 3}
      propertyPath: m_IsActive
      value: 1
      objectReference: {fileID: 0}
    - target: {fileID: 1435460842312538772, guid: 8b5292e214e2f934691ed8660bc22c21,
        type: 3}
      propertyPath: m_LocalPosition.x
      value: 1.5
      objectReference: {fileID: 0}
    - target: {fileID: 1435460842312538772, guid: 8b5292e214e2f934691ed8660bc22c21,
        type: 3}
      propertyPath: m_LocalPosition.y
      value: 0
      objectReference: {fileID: 0}
    - target: {fileID: 1435460842312538772, guid: 8b5292e214e2f934691ed8660bc22c21,
        type: 3}
      propertyPath: m_LocalPosition.z
      value: 0.5
      objectReference: {fileID: 0}
    - target: {fileID: 1435460842312538772, guid: 8b5292e214e2f934691ed8660bc22c21,
        type: 3}
      propertyPath: m_LocalRotation.w
      value: 1
      objectReference: {fileID: 0}
    - target: {fileID: 1435460842312538772, guid: 8b5292e214e2f934691ed8660bc22c21,
        type: 3}
      propertyPath: m_LocalRotation.x
      value: 0
      objectReference: {fileID: 0}
    - target: {fileID: 1435460842312538772, guid: 8b5292e214e2f934691ed8660bc22c21,
        type: 3}
      propertyPath: m_LocalRotation.y
      value: 0
      objectReference: {fileID: 0}
    - target: {fileID: 1435460842312538772, guid: 8b5292e214e2f934691ed8660bc22c21,
        type: 3}
      propertyPath: m_LocalRotation.z
      value: 0
      objectReference: {fileID: 0}
    - target: {fileID: 1435460842312538772, guid: 8b5292e214e2f934691ed8660bc22c21,
        type: 3}
      propertyPath: m_LocalEulerAnglesHint.x
      value: 0
      objectReference: {fileID: 0}
    - target: {fileID: 1435460842312538772, guid: 8b5292e214e2f934691ed8660bc22c21,
        type: 3}
      propertyPath: m_LocalEulerAnglesHint.y
      value: 0
      objectReference: {fileID: 0}
    - target: {fileID: 1435460842312538772, guid: 8b5292e214e2f934691ed8660bc22c21,
        type: 3}
      propertyPath: m_LocalEulerAnglesHint.z
      value: 0
      objectReference: {fileID: 0}
    - target: {fileID: 7525546275016677087, guid: 8b5292e214e2f934691ed8660bc22c21,
        type: 3}
      propertyPath: m_Materials.Array.data[0]
      value: 
      objectReference: {fileID: 2100000, guid: 3ad4b004b591bf34daddebaac1ad7d55, type: 2}
    m_RemovedComponents: []
    m_RemovedGameObjects: []
    m_AddedGameObjects: []
    m_AddedComponents: []
  m_SourcePrefab: {fileID: 100100000, guid: 8b5292e214e2f934691ed8660bc22c21, type: 3}
--- !u!4 &1721632682 stripped
Transform:
  m_CorrespondingSourceObject: {fileID: 1435460842312538772, guid: 8b5292e214e2f934691ed8660bc22c21,
    type: 3}
  m_PrefabInstance: {fileID: 1721632681}
  m_PrefabAsset: {fileID: 0}
--- !u!1001 &1894644010
PrefabInstance:
  m_ObjectHideFlags: 0
  serializedVersion: 2
  m_Modification:
    serializedVersion: 3
    m_TransformParent: {fileID: 1198864026}
    m_Modifications:
    - target: {fileID: 1022949609857530221, guid: 8b5292e214e2f934691ed8660bc22c21,
        type: 3}
      propertyPath: m_Name
      value: Ingredient (5)
      objectReference: {fileID: 0}
    - target: {fileID: 1022949609857530221, guid: 8b5292e214e2f934691ed8660bc22c21,
        type: 3}
      propertyPath: m_IsActive
      value: 1
      objectReference: {fileID: 0}
    - target: {fileID: 1435460842312538772, guid: 8b5292e214e2f934691ed8660bc22c21,
        type: 3}
      propertyPath: m_LocalPosition.x
      value: 1.5
      objectReference: {fileID: 0}
    - target: {fileID: 1435460842312538772, guid: 8b5292e214e2f934691ed8660bc22c21,
        type: 3}
      propertyPath: m_LocalPosition.y
      value: 0
      objectReference: {fileID: 0}
    - target: {fileID: 1435460842312538772, guid: 8b5292e214e2f934691ed8660bc22c21,
        type: 3}
      propertyPath: m_LocalPosition.z
      value: 1.5
      objectReference: {fileID: 0}
    - target: {fileID: 1435460842312538772, guid: 8b5292e214e2f934691ed8660bc22c21,
        type: 3}
      propertyPath: m_LocalRotation.w
      value: 1
      objectReference: {fileID: 0}
    - target: {fileID: 1435460842312538772, guid: 8b5292e214e2f934691ed8660bc22c21,
        type: 3}
      propertyPath: m_LocalRotation.x
      value: 0
      objectReference: {fileID: 0}
    - target: {fileID: 1435460842312538772, guid: 8b5292e214e2f934691ed8660bc22c21,
        type: 3}
      propertyPath: m_LocalRotation.y
      value: 0
      objectReference: {fileID: 0}
    - target: {fileID: 1435460842312538772, guid: 8b5292e214e2f934691ed8660bc22c21,
        type: 3}
      propertyPath: m_LocalRotation.z
      value: 0
      objectReference: {fileID: 0}
    - target: {fileID: 1435460842312538772, guid: 8b5292e214e2f934691ed8660bc22c21,
        type: 3}
      propertyPath: m_LocalEulerAnglesHint.x
      value: 0
      objectReference: {fileID: 0}
    - target: {fileID: 1435460842312538772, guid: 8b5292e214e2f934691ed8660bc22c21,
        type: 3}
      propertyPath: m_LocalEulerAnglesHint.y
      value: 0
      objectReference: {fileID: 0}
    - target: {fileID: 1435460842312538772, guid: 8b5292e214e2f934691ed8660bc22c21,
        type: 3}
      propertyPath: m_LocalEulerAnglesHint.z
      value: 0
      objectReference: {fileID: 0}
    - target: {fileID: 7525546275016677087, guid: 8b5292e214e2f934691ed8660bc22c21,
        type: 3}
      propertyPath: m_Materials.Array.data[0]
      value: 
      objectReference: {fileID: 2100000, guid: 4a5180286417d7441a853f0dd1901899, type: 2}
    m_RemovedComponents: []
    m_RemovedGameObjects: []
    m_AddedGameObjects: []
    m_AddedComponents: []
  m_SourcePrefab: {fileID: 100100000, guid: 8b5292e214e2f934691ed8660bc22c21, type: 3}
--- !u!4 &1894644011 stripped
Transform:
  m_CorrespondingSourceObject: {fileID: 1435460842312538772, guid: 8b5292e214e2f934691ed8660bc22c21,
    type: 3}
  m_PrefabInstance: {fileID: 1894644010}
  m_PrefabAsset: {fileID: 0}
--- !u!1001 &1149949572563519503
PrefabInstance:
  m_ObjectHideFlags: 0
  serializedVersion: 2
  m_Modification:
    serializedVersion: 3
    m_TransformParent: {fileID: 0}
    m_Modifications:
    - target: {fileID: 2575629401871480630, guid: 768c04f5cd65b7f4d8c8a54890681367,
        type: 3}
      propertyPath: m_Name
      value: --- RENDERING
      objectReference: {fileID: 0}
    - target: {fileID: 6287215741585458480, guid: 768c04f5cd65b7f4d8c8a54890681367,
        type: 3}
      propertyPath: m_LocalPosition.x
      value: 0
      objectReference: {fileID: 0}
    - target: {fileID: 6287215741585458480, guid: 768c04f5cd65b7f4d8c8a54890681367,
        type: 3}
      propertyPath: m_LocalPosition.y
      value: 0
      objectReference: {fileID: 0}
    - target: {fileID: 6287215741585458480, guid: 768c04f5cd65b7f4d8c8a54890681367,
        type: 3}
      propertyPath: m_LocalPosition.z
      value: 0
      objectReference: {fileID: 0}
    - target: {fileID: 6287215741585458480, guid: 768c04f5cd65b7f4d8c8a54890681367,
        type: 3}
      propertyPath: m_LocalRotation.w
      value: 1
      objectReference: {fileID: 0}
    - target: {fileID: 6287215741585458480, guid: 768c04f5cd65b7f4d8c8a54890681367,
        type: 3}
      propertyPath: m_LocalRotation.x
      value: 0
      objectReference: {fileID: 0}
    - target: {fileID: 6287215741585458480, guid: 768c04f5cd65b7f4d8c8a54890681367,
        type: 3}
      propertyPath: m_LocalRotation.y
      value: 0
      objectReference: {fileID: 0}
    - target: {fileID: 6287215741585458480, guid: 768c04f5cd65b7f4d8c8a54890681367,
        type: 3}
      propertyPath: m_LocalRotation.z
      value: 0
      objectReference: {fileID: 0}
    - target: {fileID: 6287215741585458480, guid: 768c04f5cd65b7f4d8c8a54890681367,
        type: 3}
      propertyPath: m_LocalEulerAnglesHint.x
      value: 0
      objectReference: {fileID: 0}
    - target: {fileID: 6287215741585458480, guid: 768c04f5cd65b7f4d8c8a54890681367,
        type: 3}
      propertyPath: m_LocalEulerAnglesHint.y
      value: 0
      objectReference: {fileID: 0}
    - target: {fileID: 6287215741585458480, guid: 768c04f5cd65b7f4d8c8a54890681367,
        type: 3}
      propertyPath: m_LocalEulerAnglesHint.z
      value: 0
      objectReference: {fileID: 0}
    m_RemovedComponents: []
    m_RemovedGameObjects: []
    m_AddedGameObjects: []
    m_AddedComponents: []
  m_SourcePrefab: {fileID: 100100000, guid: 768c04f5cd65b7f4d8c8a54890681367, type: 3}
--- !u!1001 &3229739379093792695
PrefabInstance:
  m_ObjectHideFlags: 0
  serializedVersion: 2
  m_Modification:
    serializedVersion: 3
    m_TransformParent: {fileID: 281849611}
    m_Modifications:
    - target: {fileID: 367103811124998570, guid: a50e9c80171505e4482d1ad02461caaa,
        type: 3}
      propertyPath: m_AnchoredPosition.x
      value: -180
      objectReference: {fileID: 0}
    - target: {fileID: 3844460566596389916, guid: a50e9c80171505e4482d1ad02461caaa,
        type: 3}
      propertyPath: m_IsActive
      value: 0
      objectReference: {fileID: 0}
    - target: {fileID: 6384431653583565786, guid: a50e9c80171505e4482d1ad02461caaa,
        type: 3}
      propertyPath: m_Name
      value: LevelUI
      objectReference: {fileID: 0}
    - target: {fileID: 6415427442809124450, guid: a50e9c80171505e4482d1ad02461caaa,
        type: 3}
      propertyPath: m_Pivot.x
      value: 0
      objectReference: {fileID: 0}
    - target: {fileID: 6415427442809124450, guid: a50e9c80171505e4482d1ad02461caaa,
        type: 3}
      propertyPath: m_AnchorMax.x
      value: 0
      objectReference: {fileID: 0}
    - target: {fileID: 6415427442809124450, guid: a50e9c80171505e4482d1ad02461caaa,
        type: 3}
      propertyPath: m_AnchorMin.x
      value: 0
      objectReference: {fileID: 0}
    - target: {fileID: 6415427442809124450, guid: a50e9c80171505e4482d1ad02461caaa,
        type: 3}
      propertyPath: m_AnchoredPosition.x
      value: 180
      objectReference: {fileID: 0}
    - target: {fileID: 8809420293953936821, guid: a50e9c80171505e4482d1ad02461caaa,
        type: 3}
      propertyPath: m_Pivot.x
      value: 0
      objectReference: {fileID: 0}
    - target: {fileID: 8809420293953936821, guid: a50e9c80171505e4482d1ad02461caaa,
        type: 3}
      propertyPath: m_Pivot.y
      value: 0
      objectReference: {fileID: 0}
    - target: {fileID: 8809420293953936821, guid: a50e9c80171505e4482d1ad02461caaa,
        type: 3}
      propertyPath: m_AnchorMax.x
      value: 0
      objectReference: {fileID: 0}
    - target: {fileID: 8809420293953936821, guid: a50e9c80171505e4482d1ad02461caaa,
        type: 3}
      propertyPath: m_AnchorMax.y
      value: 0
      objectReference: {fileID: 0}
    - target: {fileID: 8809420293953936821, guid: a50e9c80171505e4482d1ad02461caaa,
        type: 3}
      propertyPath: m_AnchorMin.x
      value: 0
      objectReference: {fileID: 0}
    - target: {fileID: 8809420293953936821, guid: a50e9c80171505e4482d1ad02461caaa,
        type: 3}
      propertyPath: m_AnchorMin.y
      value: 0
      objectReference: {fileID: 0}
    - target: {fileID: 8809420293953936821, guid: a50e9c80171505e4482d1ad02461caaa,
        type: 3}
      propertyPath: m_SizeDelta.x
      value: 0
      objectReference: {fileID: 0}
    - target: {fileID: 8809420293953936821, guid: a50e9c80171505e4482d1ad02461caaa,
        type: 3}
      propertyPath: m_SizeDelta.y
      value: 0
      objectReference: {fileID: 0}
    - target: {fileID: 8809420293953936821, guid: a50e9c80171505e4482d1ad02461caaa,
        type: 3}
      propertyPath: m_LocalPosition.x
      value: 0
      objectReference: {fileID: 0}
    - target: {fileID: 8809420293953936821, guid: a50e9c80171505e4482d1ad02461caaa,
        type: 3}
      propertyPath: m_LocalPosition.y
      value: 0
      objectReference: {fileID: 0}
    - target: {fileID: 8809420293953936821, guid: a50e9c80171505e4482d1ad02461caaa,
        type: 3}
      propertyPath: m_LocalPosition.z
      value: 0
      objectReference: {fileID: 0}
    - target: {fileID: 8809420293953936821, guid: a50e9c80171505e4482d1ad02461caaa,
        type: 3}
      propertyPath: m_LocalRotation.w
      value: 1
      objectReference: {fileID: 0}
    - target: {fileID: 8809420293953936821, guid: a50e9c80171505e4482d1ad02461caaa,
        type: 3}
      propertyPath: m_LocalRotation.x
      value: 0
      objectReference: {fileID: 0}
    - target: {fileID: 8809420293953936821, guid: a50e9c80171505e4482d1ad02461caaa,
        type: 3}
      propertyPath: m_LocalRotation.y
      value: 0
      objectReference: {fileID: 0}
    - target: {fileID: 8809420293953936821, guid: a50e9c80171505e4482d1ad02461caaa,
        type: 3}
      propertyPath: m_LocalRotation.z
      value: 0
      objectReference: {fileID: 0}
    - target: {fileID: 8809420293953936821, guid: a50e9c80171505e4482d1ad02461caaa,
        type: 3}
      propertyPath: m_AnchoredPosition.x
      value: 0
      objectReference: {fileID: 0}
    - target: {fileID: 8809420293953936821, guid: a50e9c80171505e4482d1ad02461caaa,
        type: 3}
      propertyPath: m_AnchoredPosition.y
      value: 0
      objectReference: {fileID: 0}
    - target: {fileID: 8809420293953936821, guid: a50e9c80171505e4482d1ad02461caaa,
        type: 3}
      propertyPath: m_LocalEulerAnglesHint.x
      value: 0
      objectReference: {fileID: 0}
    - target: {fileID: 8809420293953936821, guid: a50e9c80171505e4482d1ad02461caaa,
        type: 3}
      propertyPath: m_LocalEulerAnglesHint.y
      value: 0
      objectReference: {fileID: 0}
    - target: {fileID: 8809420293953936821, guid: a50e9c80171505e4482d1ad02461caaa,
        type: 3}
      propertyPath: m_LocalEulerAnglesHint.z
      value: 0
      objectReference: {fileID: 0}
    m_RemovedComponents: []
    m_RemovedGameObjects:
    - {fileID: 4860390574745635510, guid: a50e9c80171505e4482d1ad02461caaa, type: 3}
    m_AddedGameObjects: []
    m_AddedComponents: []
  m_SourcePrefab: {fileID: 100100000, guid: a50e9c80171505e4482d1ad02461caaa, type: 3}
--- !u!1001 &3982880269836344244
PrefabInstance:
  m_ObjectHideFlags: 0
  serializedVersion: 2
  m_Modification:
    serializedVersion: 3
    m_TransformParent: {fileID: 428075038}
    m_Modifications:
    - target: {fileID: 4375029072161872283, guid: 65975eb352ab8d34c8c09aabede5713a,
        type: 3}
      propertyPath: m_LocalPosition.x
      value: 0
      objectReference: {fileID: 0}
    - target: {fileID: 4375029072161872283, guid: 65975eb352ab8d34c8c09aabede5713a,
        type: 3}
      propertyPath: m_LocalPosition.y
      value: 0
      objectReference: {fileID: 0}
    - target: {fileID: 4375029072161872283, guid: 65975eb352ab8d34c8c09aabede5713a,
        type: 3}
      propertyPath: m_LocalPosition.z
      value: 0
      objectReference: {fileID: 0}
    - target: {fileID: 4375029072161872283, guid: 65975eb352ab8d34c8c09aabede5713a,
        type: 3}
      propertyPath: m_LocalRotation.w
      value: 1
      objectReference: {fileID: 0}
    - target: {fileID: 4375029072161872283, guid: 65975eb352ab8d34c8c09aabede5713a,
        type: 3}
      propertyPath: m_LocalRotation.x
      value: 0
      objectReference: {fileID: 0}
    - target: {fileID: 4375029072161872283, guid: 65975eb352ab8d34c8c09aabede5713a,
        type: 3}
      propertyPath: m_LocalRotation.y
      value: 0
      objectReference: {fileID: 0}
    - target: {fileID: 4375029072161872283, guid: 65975eb352ab8d34c8c09aabede5713a,
        type: 3}
      propertyPath: m_LocalRotation.z
      value: 0
      objectReference: {fileID: 0}
    - target: {fileID: 4375029072161872283, guid: 65975eb352ab8d34c8c09aabede5713a,
        type: 3}
      propertyPath: m_LocalEulerAnglesHint.x
      value: 0
      objectReference: {fileID: 0}
    - target: {fileID: 4375029072161872283, guid: 65975eb352ab8d34c8c09aabede5713a,
        type: 3}
      propertyPath: m_LocalEulerAnglesHint.y
      value: 0
      objectReference: {fileID: 0}
    - target: {fileID: 4375029072161872283, guid: 65975eb352ab8d34c8c09aabede5713a,
        type: 3}
      propertyPath: m_LocalEulerAnglesHint.z
      value: 0
      objectReference: {fileID: 0}
    - target: {fileID: 6746280403993240620, guid: 65975eb352ab8d34c8c09aabede5713a,
        type: 3}
      propertyPath: m_Name
      value: Lines
      objectReference: {fileID: 0}
    m_RemovedComponents: []
    m_RemovedGameObjects: []
    m_AddedGameObjects: []
    m_AddedComponents: []
  m_SourcePrefab: {fileID: 100100000, guid: 65975eb352ab8d34c8c09aabede5713a, type: 3}
--- !u!1001 &4852860651239286280
PrefabInstance:
  m_ObjectHideFlags: 0
  serializedVersion: 2
  m_Modification:
    serializedVersion: 3
    m_TransformParent: {fileID: 1198864026}
    m_Modifications:
    - target: {fileID: 1022949609857530221, guid: 8b5292e214e2f934691ed8660bc22c21,
        type: 3}
      propertyPath: m_Name
      value: Ingredient
      objectReference: {fileID: 0}
    - target: {fileID: 1435460842312538772, guid: 8b5292e214e2f934691ed8660bc22c21,
        type: 3}
      propertyPath: m_LocalPosition.x
      value: -0.5
      objectReference: {fileID: 0}
    - target: {fileID: 1435460842312538772, guid: 8b5292e214e2f934691ed8660bc22c21,
        type: 3}
      propertyPath: m_LocalPosition.y
      value: 0
      objectReference: {fileID: 0}
    - target: {fileID: 1435460842312538772, guid: 8b5292e214e2f934691ed8660bc22c21,
        type: 3}
      propertyPath: m_LocalPosition.z
      value: -1.5
      objectReference: {fileID: 0}
    - target: {fileID: 1435460842312538772, guid: 8b5292e214e2f934691ed8660bc22c21,
        type: 3}
      propertyPath: m_LocalRotation.w
      value: 1
      objectReference: {fileID: 0}
    - target: {fileID: 1435460842312538772, guid: 8b5292e214e2f934691ed8660bc22c21,
        type: 3}
      propertyPath: m_LocalRotation.x
      value: 0
      objectReference: {fileID: 0}
    - target: {fileID: 1435460842312538772, guid: 8b5292e214e2f934691ed8660bc22c21,
        type: 3}
      propertyPath: m_LocalRotation.y
      value: 0
      objectReference: {fileID: 0}
    - target: {fileID: 1435460842312538772, guid: 8b5292e214e2f934691ed8660bc22c21,
        type: 3}
      propertyPath: m_LocalRotation.z
      value: 0
      objectReference: {fileID: 0}
    - target: {fileID: 1435460842312538772, guid: 8b5292e214e2f934691ed8660bc22c21,
        type: 3}
      propertyPath: m_LocalEulerAnglesHint.x
      value: 0
      objectReference: {fileID: 0}
    - target: {fileID: 1435460842312538772, guid: 8b5292e214e2f934691ed8660bc22c21,
        type: 3}
      propertyPath: m_LocalEulerAnglesHint.y
      value: 0
      objectReference: {fileID: 0}
    - target: {fileID: 1435460842312538772, guid: 8b5292e214e2f934691ed8660bc22c21,
        type: 3}
      propertyPath: m_LocalEulerAnglesHint.z
      value: 0
      objectReference: {fileID: 0}
    - target: {fileID: 4959156481876613805, guid: 8b5292e214e2f934691ed8660bc22c21,
        type: 3}
      propertyPath: _isBread
      value: 1
      objectReference: {fileID: 0}
    m_RemovedComponents: []
    m_RemovedGameObjects: []
    m_AddedGameObjects: []
    m_AddedComponents: []
  m_SourcePrefab: {fileID: 100100000, guid: 8b5292e214e2f934691ed8660bc22c21, type: 3}
--- !u!4 &4852860651239286281 stripped
Transform:
  m_CorrespondingSourceObject: {fileID: 1435460842312538772, guid: 8b5292e214e2f934691ed8660bc22c21,
    type: 3}
  m_PrefabInstance: {fileID: 4852860651239286280}
  m_PrefabAsset: {fileID: 0}
--- !u!1001 &8558020930028919688
PrefabInstance:
  m_ObjectHideFlags: 0
  serializedVersion: 2
  m_Modification:
    serializedVersion: 3
    m_TransformParent: {fileID: 0}
    m_Modifications:
    - target: {fileID: 670406600694611706, guid: 427514a990ce8d942aa4c552b7bc7584,
        type: 3}
      propertyPath: m_LocalPosition.x
      value: 0
      objectReference: {fileID: 0}
    - target: {fileID: 670406600694611706, guid: 427514a990ce8d942aa4c552b7bc7584,
        type: 3}
      propertyPath: m_LocalPosition.y
      value: 0
      objectReference: {fileID: 0}
    - target: {fileID: 670406600694611706, guid: 427514a990ce8d942aa4c552b7bc7584,
        type: 3}
      propertyPath: m_LocalPosition.z
      value: 0
      objectReference: {fileID: 0}
    - target: {fileID: 670406600694611706, guid: 427514a990ce8d942aa4c552b7bc7584,
        type: 3}
      propertyPath: m_LocalRotation.w
      value: 1
      objectReference: {fileID: 0}
    - target: {fileID: 670406600694611706, guid: 427514a990ce8d942aa4c552b7bc7584,
        type: 3}
      propertyPath: m_LocalRotation.x
      value: -0
      objectReference: {fileID: 0}
    - target: {fileID: 670406600694611706, guid: 427514a990ce8d942aa4c552b7bc7584,
        type: 3}
      propertyPath: m_LocalRotation.y
      value: -0
      objectReference: {fileID: 0}
    - target: {fileID: 670406600694611706, guid: 427514a990ce8d942aa4c552b7bc7584,
        type: 3}
      propertyPath: m_LocalRotation.z
      value: -0
      objectReference: {fileID: 0}
    - target: {fileID: 670406600694611706, guid: 427514a990ce8d942aa4c552b7bc7584,
        type: 3}
      propertyPath: m_LocalEulerAnglesHint.x
      value: 0
      objectReference: {fileID: 0}
    - target: {fileID: 670406600694611706, guid: 427514a990ce8d942aa4c552b7bc7584,
        type: 3}
      propertyPath: m_LocalEulerAnglesHint.y
      value: 0
      objectReference: {fileID: 0}
    - target: {fileID: 670406600694611706, guid: 427514a990ce8d942aa4c552b7bc7584,
        type: 3}
      propertyPath: m_LocalEulerAnglesHint.z
      value: 0
      objectReference: {fileID: 0}
    - target: {fileID: 4315984488116724610, guid: 427514a990ce8d942aa4c552b7bc7584,
        type: 3}
      propertyPath: m_Name
      value: --- MANAGERS
      objectReference: {fileID: 0}
    m_RemovedComponents: []
    m_RemovedGameObjects: []
    m_AddedGameObjects: []
    m_AddedComponents: []
  m_SourcePrefab: {fileID: 100100000, guid: 427514a990ce8d942aa4c552b7bc7584, type: 3}
--- !u!1660057539 &9223372036854775807
SceneRoots:
  m_ObjectHideFlags: 0
  m_Roots:
  - {fileID: 1149949572563519503}
  - {fileID: 8558020930028919688}
  - {fileID: 428075038}
  - {fileID: 281849611}
